@inproceedings{hota2019data,
  title={Data-driven chance constrained optimization under Wasserstein ambiguity sets},
  author={Hota, Ashish R and Cherukuri, Ashish and Lygeros, John},
  booktitle={2019 American Control Conference (ACC)},
  pages={1501--1506},
  year={2019},
  organization={IEEE}
}

@article{chen2024data,
  title={Data-driven chance constrained programs over Wasserstein balls},
  author={Chen, Zhi and Kuhn, Daniel and Wiesemann, Wolfram},
  journal={Operations Research},
  volume={72},
  number={1},
  pages={410--424},
  year={2024},
  publisher={INFORMS}
}

@article{mohajerin2018data,
  title={Data-driven distributionally robust optimization using the Wasserstein metric: Performance guarantees and tractable reformulations},
  author={Mohajerin Esfahani, Peyman and Kuhn, Daniel},
  journal={Mathematical Programming},
  volume={171},
  number={1},
  pages={115--166},
  year={2018},
  publisher={Springer}
}

@article{coulson2021distributionally,
  title={Distributionally robust chance constrained data-enabled predictive control},
  author={Coulson, Jeremy and Lygeros, John and D{\"o}rfler, Florian},
  journal={IEEE Transactions on Automatic Control},
  volume={67},
  number={7},
  pages={3289--3304},
  year={2021},
  publisher={IEEE}
}

@article{poolla2020wasserstein,
  title={Wasserstein distributionally robust look-ahead economic dispatch},
  author={Poolla, Bala Kameshwar and Hota, Ashish R and Bolognani, Saverio and Callaway, Duncan S and Cherukuri, Ashish},
  journal={IEEE Transactions on Power Systems},
  volume={36},
  number={3},
  pages={2010--2022},
  year={2020},
  publisher={IEEE}
}

@article{shafieezadeh2019regularization,
  title={Regularization via mass transportation},
  author={Shafieezadeh-Abadeh, Soroosh and Kuhn, Daniel and Esfahani, Peyman Mohajerin},
  journal={Journal of Machine Learning Research},
  volume={20},
  number={103},
  pages={1--68},
  year={2019}
}

@article{huang2021decentralized,
  title={Decentralized data-enabled predictive control for power system oscillation damping},
  author={Huang, Linbin and Coulson, Jeremy and Lygeros, John and D{\"o}rfler, Florian},
  journal={IEEE Transactions on Control Systems Technology},
  volume={30},
  number={3},
  pages={1065--1077},
  year={2021},
  publisher={IEEE}
}